<?xml version="1.0" encoding="UTF-8"?><collection xmlns="http://www.loc.gov/MARC21/slim"><record><leader>00519nam--2200181-u-4500</leader><controlfield tag="001">000055968</controlfield><controlfield tag="002">20161230</controlfield><controlfield tag="005">20161230201052</controlfield><controlfield tag="008">130829s1000------------r-----000-0-fre-d</controlfield><datafield ind1=" " ind2=" " tag="040"><subfield code="a">IFIN-HH</subfield></datafield><datafield ind1=" " ind2=" " tag="041"><subfield code="a">fre</subfield></datafield><datafield ind1=" " ind2=" " tag="080"><subfield code="a">015:523.87</subfield></datafield><datafield ind1="1" ind2=" " tag="100"><subfield code="a">Deharveng, J.M</subfield></datafield><datafield ind1="1" ind2="0" tag="245"><subfield code="a">Application d'un intensificateur d'image a l'etuse des regions ionisees de l'hydrogene des galaxies</subfield><subfield code="b">These</subfield><subfield code="c">J.m. deharveng</subfield></datafield><datafield ind1=" " ind2=" " tag="260"><subfield code="a">Provence</subfield><subfield code="b">Universite</subfield><subfield code="c">1971</subfield></datafield><datafield ind1=" " ind2=" " tag="300"><subfield code="a">167P</subfield></datafield><datafield ind1=" " ind2=" " tag="852"><subfield code="a">38191</subfield><subfield code="c">523</subfield></datafield><datafield ind1=" " ind2=" " tag="CAT"><subfield code="a">Sys</subfield><subfield code="c">20130829</subfield><subfield code="h">135705</subfield></datafield></record></collection>